% Encoding: UTF-8

@Article{abuzir02,
  author =  {Abuzir, Yousef and Abuzir, Moh'D Osama},
  title =   {Constructing the Civil Engineering Thesaurus (CET) Using the ThesWB},
  journal = {Computing in Civil Engineering},
  year =    {2002}
}

@Article{ananiadou20,
  author =  {Ananiadou, Sophia and Albert, Sylvie and Schuhmann, Dietrich},
  title =   {Evaluation of Automatic Term Recognition of Nuclear Receptors from MEDLINE},
  journal = {Genome Informatics},
  year =    {2000},
  volume =  {11},
  pages =   {450-451}
}

@Misc{apache16,
  author = {Apache.org},
  title =  {Machine Learning Library (MLlib)},
  month =  mar,
  year =   {2016},
  url =    {https://spark.apache.org/docs/1.1.0/mllib-guide.html}
}

@InProceedings{berard12,
  author =    {Berard, Ole Bengt and Karlshoej, Jan},
  title =     {Information delivery manuals to integrate building product information into design},
  booktitle = {CIB W78-W102 2011: International Conference},
  year =      {2012}
} 
@article{Bolchini13,
   author = {Bolchini, Cristiana and Quintarelli, Elisa and Tanca, Letizia},
   title = {CARVE: Context-aware automatic view definition over relational databases},
   journal = {Information Systems},
   volume = {38},
   number = {1},
   pages = {45-67},
   keywords = {Context-awareness, Database design, External views},
   year = {2013}
}

@Article{borrmann09,
  author =  {Borrmann, André and Rank, Ernst},
  title =   {Query support for BIMs using semantic and spatial conditions},
  journal = {Handbook of Research on Building Information Modeling and Construction Informatics: Concepts and Technologies: Concepts and Technologies},
  year =    {2009},
  pages =   {405}
}

@InProceedings{bruni12,
  author =    {Bruni, Elia and Boleda, Gemma and Baroni, Marco and Tran, Nam-Khanh},
  title =     {Distributional semantics in technicolor},
  booktitle = {Proceedings of the 50th Annual Meeting of the Association for Computational Linguistics: Long Papers-Volume 1},
  year =      {2012},
  pages =     {136-145},
  publisher = {Association for Computational Linguistics}
}

@Misc{buildingsmartData,
  author = {buildingSMART},
  title =  {Data Dictionary},
  year =   {2016},
  note =   {Accessed: March 15, 2016},
  url =    {http://www.buildingsmart.org/standards/standards-library-tools-services/data-dictionary/}
}

@Misc{buildingsmartIFC,
  author = {buildingSMART},
  title =  {IFC Overview summary},
  year =   {2015},
  note =   {Accessed: 2015-10-11},
  url =    {http://www.buildingsmart-tech.org/}
}

@book{Buitelaar05,
   author = {Buitelaar, Paul and Cimiano, Philipp and Magnini, Bernardo},
   title = {Ontology learning from text: methods, evaluation and applications},
   publisher = {IOS press},
   volume = {123},
   year = {2005}
}

@article{Cambria14,
   author = {Cambria, Erik and White, Bruce},
   title = {Jumping NLP curves: a review of natural language processing research [review article]},
   journal = {Computational Intelligence Magazine, IEEE},
   volume = {9},
   number = {2},
   pages = {48-57},
   year = {2014}
}

@book{Cimiano06,
   author = {Cimiano, Philipp},
   title = {Ontology learning from text},
   publisher = {Springer},
   year = {2006}
}

@article{costa-jussa12,
   author = {Costa-Jussa, Marta R and Farrús, Mireia and Mariño, José B and Fonollosa, José AR},
   title = {Study and comparison of rule-based and statistical catalan-spanish machine translation systems},
   journal = {Computing and Informatics},
   volume = {31},
   number = {2},
   pages = {245-270},
   year = {2012}
}

@inproceedings{Cunningham02,
   author = {Cunningham, Hamish and Maynard, Diana and Bontcheva, Kalina and Tablan, Valentin},
   title = {GATE: an architecture for development of robust HLT applications},
   booktitle = {Proceedings of the 40th annual meeting on association for computational linguistics},
   publisher = {Association for Computational Linguistics},
   pages = {168-175},
year={2002},
}

@Article{daum14,
  author =  {Daum, S and Borrmann, A and Langenhan, C and Petzold, F},
  title =   {Automated generation of building fingerprints using a spatio-semantic query language for building information models},
  journal = {eWork and eBusiness in Architecture, Engineering and Construction: ECPPM 2014},
  year =    {2014},
  pages =   {87}
}

@inbook{deAzevedo14,
   author = {de Azevedo, Ryan Ribeiro and Freitas, Fred and Rocha, Rodrigo and Menezes, José Antônio Alves and Pereira, Luis F Alves},
   title = {An Approach for Automatic Expressive Ontology Construction from Natural Language},
   booktitle = {Computational Science and Its Applications–ICCSA 2014},
   publisher = {Springer},
   pages = {746-759},
   year = {2014}
}

@techreport{east07,
   author = {East, E William},
   title = {Construction operations building information exchange (COBie)},
   institution = {DTIC Document},
   year = {2007}
}
@article{east12,
   author = {East, E. William  and Nisbet, Nicholas and Liebich, Thomas},
   title = {Facility management handover model view},
   journal = {Journal of computing in civil engineering},
   volume = {27},
   number = {1},
   pages = {61-67},
   year = {2012}
}

@Article{eastman09,
  author =  {Eastman, C. and Jeong, Y. and Sacks, R. and Kaner, I.},
  title =   {Exchange Model and Exchange Object Concepts for Implementation of National BIM Standards},
  journal = {Journal of Computing in Civil Engineering},
  year =    {2009},
  volume =  {24},
  number =  {1},
  pages =   {25-34}
}
 
@misc{eastman12,
	Author = {Eastman, Chuck},
	Note = {Presentaion at the IDDS workshop},
	Title = {The future of IFC: Rationale and design of a SEM IFC layer},
Year = {2012}}

@Article{erk12,
  author =  {Erk, Katrin},
  title =   {Vector space models of word meaning and phrase meaning: A survey},
  journal = {Language and Linguistics Compass},
  year =    {2012},
  volume =  {6},
  number =  {10},
  pages =   {635-653}
}

@InProceedings{finkelstein01,
  author =    {Finkelstein, Lev and Gabrilovich, Evgeniy and Matias, Yossi and Rivlin, Ehud and Solan, Zach and Wolfman, Gadi and Ruppin, Eytan},
  title =     {Placing search in context: The concept revisited},
  booktitle = {Proceedings of the 10th international conference on World Wide Web},
  year =      {2001},
  pages =     {406-414},
  publisher = {ACM}
}

@Article{frantzi20,
  author =    {Frantzi, Katerina and Ananiadou, Sophia and Mima, Hideki},
  title =     {Automatic recognition of multi-word terms: the c-value/nc-value method},
  journal =   {International Journal on Digital Libraries},
  year =      {2000},
  volume =    {3},
  number =    {2},
  pages =     {115--130},
  publisher = {Springer}
}

@inproceedings{Freitas14,
   author = {Freitas, Andre and Curry, Edward},
   title = {Natural language queries over heterogeneous linked data graphs: A distributional-compositional semantics approach},
   booktitle = {Proceedings of the 19th international conference on Intelligent User Interfaces},
   publisher = {ACM},
   year={2014},
   pages = {279-288},

}

@article{Froese03,
   author = {Froese, Thomas},
   title = {Future directions for IFC-based interoperability},
   journal = {ITcon},
   volume = {8},
   pages = {231-246},
   year = {2003}
}

@Article{gale93,
  author =  {Gale, William A and Church, Kenneth W},
  title =   {A program for aligning sentences in bilingual corpora},
  journal = {Computational linguistics},
  year =    {1993},
  volume =  {19},
  number =  {1},
  pages =   {75-102}
}

@techreport{gsa11,
  title = {GSA Building Information Modeling Guide Series: 08 – GSA BIM Guide for Facility Management},
  author = {{U.S. General Services Administration (GSA)}},
  year ={2011},
}

@Article{Habernal13,
  author =   {Habernal, Ivan and Konopík, Miloslav},
  title =    {SWSNL: Semantic Web Search Using Natural Language},
  journal =  {Expert Systems with Applications},
  year =     {2013},
  volume =   {40},
  number =   {9},
  pages =    {3649-3664},
  keywords = {Semantic search, Natural Language Understanding, Semantic Web, Statistical semantic analysis}
}

@Article{harispe13,
  author =  {Harispe, Sébastien and Ranwez, Sylvie and Janaqi, Stefan and Montmain, Jacky},
  title =   {Semantic Measures for the Comparison of Units of Language, Concepts or Instances from Text and Knowledge Base Analysis},
  journal = {arXiv preprint arXiv:1310.1285},
  year =    {2013}
}

@article{harispe15,
   author = {Harispe, Sébastien and Ranwez, Sylvie and Janaqi, Stefan and Montmain, Jacky},
   title = {Semantic Similarity from Natural Language and Ontology Analysis},
   journal = {Synthesis Lectures on Human Language Technologies},
   volume = {8},
   number = {1},
   pages = {1-254},
   year = {2015}
}

@Article{harris54,
  author =  {Harris, Zellig S},
  title =   {Distributional structure},
  journal = {Word},
  year =    {1954}
}

@Conference{hezik08,
  author =    {Hezik, M.V.},
  title =     {IFD Library background and history},
  booktitle = {The IFD Library/IDM/IFC/MVD Workshop},
  year =      {2008}
}

@Article{hill14,
  author =  {Hill, Felix and Reichart, Roi and Korhonen, Anna},
  title =   {Simlex-999: Evaluating semantic models with (genuine) similarity estimation},
  journal = {arXiv preprint arXiv:1408.3456},
  year =    {2014}
}

@Article{hou11,
  author =   {Hou, Xin and Ong, S. K. and Nee, A. Y. C. and Zhang, X. T. and Liu, W. J.},
  title =    {GRAONTO: A graph-based approach for automatic construction of domain ontology},
  journal =  {Expert Systems with Applications},
  year =     {2011},
  volume =   {38},
  number =   {9},
  pages =    {11958-11975},
  keywords = {Automatic construction of domain ontology, Document graph, Graph clustering, Frequent subgraph mining, Informative subgraph}
}

@Article{hsu13,
  author =  {Hsu, Jia-yang},
  title =   {Content-based text mining technique for retrieval of CAD documents},
  journal = {Automation in Construction},
  year =    {2013},
  volume =  {31},
  pages =   {65-74}
}

@PhdThesis{hu14,
  author =     {Hu, Hanjin},
  title =      {Development of interoperable data protocol for integrated bridge project delivery},
  year =       {2014},
  type =       {Ph.D.},
  note =       {Copyright - Copyright ProQuest, UMI Dissertations Publishing 2014 Last updated - 2015-03-18 First page - n/a},
  keywords =   {Applied sciences, Bridge information modeling, Data exchange protocol, Information delivery manual, Model view definition, Civil engineering},
  university = {State University of New York at Buffalo}
}
@misc{IFDgroup08,
  title = {IFD Library white paper},
  author = {{IFD Library Group}},
  url = {http://www.ifd-library.org/images/IFD_Library_White_Paper_2008-04-10_I_.pdf},
  note = {Accessed: 2015-07-06}
}

@misc{inframodel14,
  title = {Inframodel },
  author = {inframodel.fi},
  url = {http://www.inframodel.fi/en/},
  year ={2014},
  note = {Accessed: 2015-10-11}
}

@Article{Jeong14,
  author =   {Jeong, W. and Kim, J. B. and Clayton, M. J. and Haberl, J. S. and Yan, W.},
  title =    {Translating building information modeling to building energy modeling using model view definition},
  journal =  {Scientific World Journal},
  year =     {2014},
  volume =   {2014},
  note =     {Cited By :1 Export Date: 16 February 2016},
  keywords = {model view definition}
}

@Article{jiang2015,
  author =   {Jiang, Y and Yu, N and Ming, J and Lee, S and DeGraw, J and Yen, J and Messner, JI and Wu, D},
  title =    {Automatic building information model query generation},
  journal =  {Journal of Information Technology in Construction},
  year =     {2015},
  isbn =     {1874-4753},
  keywords = {model view definition}
}

@Article{jiang97,
  author =  {Jiang, Jay J and Conrath, David W},
  title =   {Semantic similarity based on corpus statistics and lexical taxonomy},
  journal = {arXiv preprint cmp-lg/9709008},
  year =    {1997}
}

@Article{justeson95,
  author =  {Justeson, John S. and Katz, Slava M.},
  title =   {Technical terminology: some linguistic properties and an algorithm for identification in text},
  journal = {Natural Language Engineering},
  year =    {1995},
  volume =  {1},
  number =  {01},
  pages =   {9-27}
}

@Article{katranuschkov10,
  author =   {Katranuschkov, Peter and Weise, Matthias and Windisch, Ronny and Fuchs, Sebastian and Scherer, Raimar J},
  title =    {BIM-based generation of multi-model views},
  journal =  {CIB W78},
  year =     {2010},
  keywords = {model view definition}
}

@Article{Kaufmann10,
  author =   {Kaufmann, Esther and Bernstein, Abraham},
  title =    {Evaluating the usability of natural language query languages and interfaces to Semantic Web knowledge bases},
  journal =  {Web Semantics: Science, Services and Agents on the World Wide Web},
  year =     {2010},
  volume =   {8},
  number =   {4},
  pages =    {377-393},
  keywords = {Natural language interfaces, Query languages, Usability study}
}

@Article{khalili13,
  author =  {Khalili, A. and Chua, D.},
  title =   {IFC-Based Graph Data Model for Topological Queries on Building Elements},
  journal = {Journal of Computing in Civil Engineering},
  year =    {2013},
  volume =  {0},
  number =  {0},
  pages =   {04014046}
}

@Article{kolb08,
  author =  {Kolb, Peter},
  title =   {Disco: A multilingual database of distributionally similar words},
  journal = {Proceedings of KONVENS-2008, Berlin},
  year =    {2008}
}


@misc{landxmlorg,
	Author = {landxml.org},
	Title = {About landxml.org},
	Url = {http://www.landxml.org/About.aspx},
	year={2015},
	note = {Accessed: 2015-10-11}
}

@Article{langenhan13,
  author =  {Langenhan, Christoph and Weber, Markus and Liwicki, Marcus and Petzold, Frank and Dengel, Andreas},
  title =   {Graph-based retrieval of building information models for supporting the early design stages},
  journal = {Advanced Engineering Informatics},
  year =    {2013},
  volume =  {27},
  number =  {4},
  pages =   {413-426}
}

@Article{le16,
  author =   {Le, Tuyen and Jeong, H. David},
  title =    {Interlinking life-cycle data spaces to support decision making in highway asset management},
  journal =  {Automation in Construction},
  year =     {2016},
  volume =   {64},
  pages =    {54-64},
  keywords = {Highway asset management}
}

@InProceedings{lee13,
  author =    {Lee, Taesung and Wang, Zhongyuan and Wang, Haixun and Hwang, Seung-won},
  title =     {Attribute extraction and scoring: A probabilistic approach},
  booktitle = {Data Engineering (ICDE), 2013 IEEE 29th International Conference on},
  year =      {2013},
  pages =     {194-205},
  publisher = {IEEE}
}

@Article{lee16,
  author =  {Lee, Y. C. and Eastman, C. M. and Solihin, W. and See, R.},
  title =   {Modularized rule-based validation of a BIM model pertaining to model views},
  journal = {Automation in Construction},
  year =    {2016},
  volume =  {63},
  pages =   {1-11},
  note =    {Export Date: 16 February 2016}
}
@inproceedings{Lesk86,
   author = {Lesk, Michael},
   title = {Automatic sense disambiguation using machine readable dictionaries: how to tell a pine cone from an ice cream cone},
   booktitle = {Proceedings of the 5th annual international conference on Systems documentation},
   publisher = {ACM},
   pages = {24-26},
year={1986},
}

@article{Lima05,
   author = {Lima, Celson and El-Diraby, Tamer and Stephens, Jeff},
   title = {Ontology-based optimization of knowledge management in e-construction},
   journal = {Journal of IT in Construction},
   volume = {10},
   pages = {305-327},
   year = {2005}
}

@Article{Lin15,
  author =  {Lin, Jia-Rui and Hu, Zhen-Zhong and Zhang, Jian-Ping and Yu, Fang-Qiang},
  title =   {A Natural-Language-Based Approach to Intelligent Data Retrieval and Representation for Cloud BIM},
  journal = {Computer-Aided Civil and Infrastructure Engineering},
  year =    {2015}
}

@Article{Liu11,
  author =   {Liu, Kaihong and Hogan, William R. and Crowley, Rebecca S.},
  title =    {Natural Language Processing methods and systems for biomedical ontology learning},
  journal =  {Journal of Biomedical Informatics},
  year =     {2011},
  volume =   {44},
  number =   {1},
  pages =    {163-179},
  keywords = {Ontology, Ontology learning from text, Ontology enrichment, Information extraction, Natural Language Processing}
}

@InProceedings{lossio13,
  author =    {Lossio-Ventura, Juan Antonio and Jonquet, Clement and Roche, Mathieu and Teisseire, Maguelonne},
  title =     {Combining C-value and Keyword Extraction Methods for Biomedical Terms Extraction},
  booktitle = {LBM'2013: 5th International Symposium on Languages in Biology and Medicine},
  year =      {2013},
  pages =     {http://lbm2013.biopathway.org/},
  note =      {Computer Science [cs]/Bioinformatics [q-bio.QM] Life Sciences [q-bio]/Quantitative Methods [q-bio.QM] Computer Science [cs]/Document and Text ProcessingConference papers},
  keywords =  {Biomedical Term Extraction C-value Biomedical Terminology}
}

@Article{lv15,
  author = {Lv, Xuan and El-Gohary, Nora M},
  title =  {Semantic Annotation for Context-Aware Information Retrieval for Supporting the Environmental Review of Transportation Projects},
  year =   {2015}
}

@InProceedings{macqueen67,
  author =    {MacQueen, James},
  title =     {Some methods for classification and analysis of multivariate observations},
  booktitle = {Proceedings of the fifth Berkeley symposium on mathematical statistics and probability},
  year =      {1967},
  volume =    {1},
  pages =     {281-297},
  publisher = {Oakland, CA, USA.}
}

@article{Maedche01,
   author = {Maedche, Alexander and Staab, Steffen},
   title = {Ontology learning for the semantic web},
   journal = {IEEE Intelligent Systems},
   volume = {16},
   number = {2},
   pages = {72-79},
   year = {2001}
}

@article{Marcus95,
   author = {Marcus, Mitchell},
   title = {New trends in natural language processing: statistical natural language processing},
   journal = {Proceedings of the National Academy of Sciences},
   volume = {92},
   number = {22},
   pages = {10052-10059},
   year = {1995}
}

@Article{mikolov13a,
  author =  {Mikolov, Tomas and Chen, Kai and Corrado, Greg and Dean, Jeffrey},
  title =   {Efficient estimation of word representations in vector space},
  journal = {arXiv preprint arXiv:1301.3781},
  year =    {2013}
}

@Article{miller95,
  author =  {Miller, George A},
  title =   {WordNet: a lexical database for English},
  journal = {Communications of the ACM},
  year =    {1995},
  volume =  {38},
  number =  {11},
  pages =   {39-41}
}

@InProceedings{min14,
  author =    {Min, Hu and Zhewen, Huang},
  title =     {Ontology-driven tunnel construction information retrieval and extraction},
  booktitle = {Control and Decision Conference (2014 CCDC), The 26th Chinese},
  year =      {14},
  pages =     {4741-4746},
  publisher = {IEEE}
}

@Article{nakagawa03,
  author =  {Nakagawa, Hiroshi and Mori, Tatsunori},
  title =   {Automatic term recognition based on statistics of compound nouns and their components},
  journal = {Terminology},
  year =    {2003},
  volume =  {9},
  number =  {2},
  pages =   {201-219}
}

@article{Navigli09,
   author = {Navigli, Roberto},
   title = {Word sense disambiguation: A survey},
   journal = {ACM Computing Surveys (CSUR)},
   volume = {41},
   number = {2},
   pages = {10},
   year = {2009}
}

@InProceedings{nenadic02,
  author =    {Nenadić, Goran and Spasić, Irena and Ananiadou, Sophia},
  title =     {Automatic acronym acquisition and term variation management within domain-specific texts},
  booktitle = {Third International Conference on Language Resources and Evaluation (LREC2002)},
  year =      {2002},
  pages =     {2155-2162}
}

@InProceedings{NenadicSpasicAnaniadou2002,
  author =    {Nenadić, Goran and Spasić, Irena and Ananiadou, Sophia},
  title =     {Automatic acronym acquisition and term variation management within domain-specific texts},
  booktitle = {Third International Conference on Language Resources and Evaluation (LREC2002)},
  year =      {2002},
  pages =     {2155-2162}
}

@Article{nepal12,
  author =  {Nepal, Madhav Prasad and Staub-French, Sheryl and Pottinger, Rachel and Zhang, Jiemin},
  title =   {Ontology-based feature modeling for construction information extraction from a building information model},
  journal = {Journal of Computing in Civil Engineering},
  year =    {2012},
  volume =  {27},
  number =  {5},
  pages =   {555-569}
}



@techreport{nibs15,
  title = {National BIM Standard – United States Version 3},
  author = {{National Institue of Building Sciences (NIBS)}},
  year ={2015},
}

@techreport{nisbet12,
   author = {Nisbet, Nicholas},
   title = {COBie UK: Required Information for Facility Operation},
   institution = {AEC3 UK Ltd},
   year = {2012}
}

@inbook{Paice09,
   author = {Paice, Chris D},
   title = {Lexical Analysis of Textual Data},
   booktitle = {Encyclopedia of Database Systems},
   publisher = {Springer},
   pages = {1606-1610},
   year = {2009}
}

@Article{porter80,
  author =  {Porter, Martin F},
  title =   {An algorithm for suffix stripping},
  journal = {Program},
  year =    {1980},
  volume =  {14},
  number =  {3},
  pages =   {130-137}
}

@Article{salton88,
  author =  {Salton, Gerard and Buckley, Christopher},
  title =   {Term-weighting approaches in automatic text retrieval},
  journal = {Information processing \& management},
  year =    {1988},
  volume =  {24},
  number =  {5},
  pages =   {513-523}
}

@Article{Sangers13,
  author =   {Sangers, Jordy and Frasincar, Flavius and Hogenboom, Frederik and Chepegin, Vadim},
  title =    {Semantic Web service discovery using natural language processing techniques},
  journal =  {Expert Systems with Applications},
  year =     {2013},
  volume =   {40},
  number =   {11},
  pages =    {4660-4671},
  keywords = {Natural language processing, Semantic Web services, WSMO Web service discovery}
}

@InBook{sclano07,
  pages =     {287-290},
  title =     {Termextractor: a web application to learn the shared terminology of emergent web communities},
  publisher = {Springer},
  year =      {2007},
  author =    {Sclano, Francesco and Velardi, Paola},
  booktitle = {Enterprise Interoperability II}
}

@Misc{see12,
  author =   {See, Richard and Karlshoej, Jan and Davis, Diane},
  title =    {An Integrated Process for Delivering IFC Based Data Exchange},
  year =     {2012},
  keywords = {model view definition}
}

@inproceedings{Shekarpour11,
   author = {Shekarpour, Saeedeh and Auer, Sören and Ngomo, Axel-Cyrille Ngonga and Gerber, Daniel and Hellmann, Sebastian and Stadler, Claus},
   title = {Keyword-driven sparql query generation leveraging background knowledge},
   booktitle = {Web Intelligence and Intelligent Agent Technology (WI-IAT), 2011 IEEE/WIC/ACM International Conference on},
   publisher = {IEEE},
   volume = {1},
   pages = {203-210},
   year={2011}
}

@Article{shvaiko13,
  author =   {Shvaiko, P. and Euzenat, J.},
  title =    {Ontology Matching: State of the Art and Future Challenges},
  journal =  {Knowledge and Data Engineering, IEEE Transactions on},
  year =     {2013},
  volume =   {25},
  number =   {1},
  pages =    {158-176},
  month =    {Jan},
  doi =      {10.1109/TKDE.2011.253},
  issn =     {1041-4347},
  keywords = {ontologies (artificial intelligence),future challenges,ontology matching,state of the art challenges, Databases,OWL,Ontologies,Resource description framework,Semantics,Thesauri,Vocabulary,Semantic heterogeneity,ontology alignment,ontology matching,schema matching,semantic technologies}
}

@Article{sparck72,
  author =  {Sparck Jones, Karen},
  title =   {A statistical interpretation of term specificity and its application in retrieval},
  journal = {Journal of documentation},
  year =    {1972},
  volume =  {28},
  number =  {1},
  pages =   {11-21}
}


@article{Storey08,
   author = {Storey, Veda C and Burton-Jones, Andrew and Sugumaran, Vijayan and Purao, Sandeep},
   title = {CONQUER: A methodology for context-aware query processing on the World Wide Web},
   journal = {Information Systems Research},
   volume = {19},
   number = {1},
   pages = {3-25},
   year = {2008}
}

@inproceedings{Toutanova03,
   author = {Toutanova, Kristina and Klein, Dan and Manning, Christopher D and Singer, Yoram},
   title = {Feature-rich part-of-speech tagging with a cyclic dependency network},
   booktitle = {Proceedings of the 2003 Conference of the North American Chapter of the Association for Computational Linguistics on Human Language Technology-Volume 1},
   publisher = {Association for Computational Linguistics},
   year={2003},
   pages = {173-180},
}

@Article{turney10,
  author =  {Turney, Peter D and Pantel, Patrick},
  title =   {From frequency to meaning: Vector space models of semantics},
  journal = {Journal of artificial intelligence research},
  year =    {2010},
  volume =  {37},
  number =  {1},
  pages =   {141-188}
}

@article{Uschold04,
   author = {Uschold, Michael and Gruninger, Michael},
   title = {Ontologies and semantics for seamless connectivity},
   journal = {ACM SIGMod Record},
   volume = {33},
   number = {4},
   pages = {58-64},
   year = {2004}
}

@article{venugopal12,
	   author = {Venugopal, M and Eastman, Charles M and Sacks, Rafael and Teizer, Jochen},
	   title = {Semantics of model views for information exchanges using the industry foundation class schema},
	   journal = {Advanced Engineering Informatics},
	   volume = {26},
	   number = {2},
	   pages = {411-428},
 year = {2012}}

@InProceedings{venugopal12a,
  author =    {Venugopal, M and Eastman, CM and Sacks, R},
  title =     {Configurable model exchanges for the precast/pre-stressed concrete industry using semantic exchange modules (SEM)},
  booktitle = {International Conference on Computing in Civil Engineering},
  year =      {2012},
  pages =     {269-276}
}

@Article{vicient13,
  author =   {Vicient, Carlos and Sánchez, David and Moreno, Antonio},
  title =    {An automatic approach for ontology-based feature extraction from heterogeneous textualresources},
  journal =  {Engineering Applications of Artificial Intelligence},
  year =     {2013},
  volume =   {26},
  number =   {3},
  pages =    {1092-1106},
  keywords = {Information extraction, Feature extraction, Ontologies Wikipedia}
}

@Misc{vtt16,
  author = {{Technical Research Center of Finland}},
  title =  {Finnish inframodel application documentation for LandXML v1.2 - Version 4:2016},
  year =   {2016},
  note =   {Accessed: April 09, 2016},
  url =    {http://cic.vtt.fi/inframodel/}
}
@inproceedings{Webster92,
   author = {Webster, Jonathan J and Kit, Chunyu},
   title = {Tokenization as the initial phase in NLP},
   booktitle = {Proceedings of the 14th conference on Computational linguistics-Volume 4},
   publisher = {Association for Computational Linguistics},
   pages = {1106-1110},
year={1992}
}

@Misc{wetherill02,
  author =    {Wetherill, Matthew and Rezgui, Yacine and Lima, Celson and Zarli, Alain},
  title =     {Knowledge management for the construction industry: the e-cognos project},
  year =      {2002},
  isbn =      {1874-4753},
  publisher = {ITcon}
}

@misc{wikipedia,
  title = {Ontology Learning},
  author = {Wikipedia},
  url = {https://en.wikipedia.org/wiki/Ontology_learning},
  note = {Accessed: 2015-07-06}
}

@Misc{wikipedia16,
  author = {Wikipedia},
  title =  {Glossary of road transportation terms},
  year =   {2016},
  note =   {Accessed: April 11, 2016}
}

@InProceedings{windisch12,
  author =    {Windisch, R. and Katranuschkov, P. and Scherer, R. J.},
  title =     {A generic filter framework for consistent generation of BIM-based model views},
  booktitle = {European Group for Intelligent Computing in Engineering, EG-ICE 2012 - International Workshop: Intelligent Computing in Engineering},
  year =      {2012},
  note =      {Export Date: 16 February 2016},
  keywords =  {model view definition}
}

@Article{won13,
  author =  {Won, J. and Lee, G. and Cho, C.},
  title =   {No-Schema Algorithm for Extracting a Partial Model from an IFC Instance Model},
  journal = {Journal of Computing in Civil Engineering},
  year =    {2013},
  volume =  {27},
  number =  {6},
  pages =   {585-592}
}

@article{Wong12,
   author = {Wong, Wilson and Liu, Wei and Bennamoun, Mohammed},
   title = {Ontology learning from text: A look back and into the future},
   journal = {ACM Computing Surveys (CSUR)},
   volume = {44},
   number = {4},
   pages = {20},
   year = {2012}
}

@Article{Wulfing14,
  author =  {Wülfing, A and Windisch, R and Scherer, RJ},
  title =   {A visual BIM query language},
  journal = {eWork and eBusiness in Architecture, Engineering and Construction: ECPPM 2014},
  year =    {2014},
  pages =   {157}
}

@inproceedings{Yahya12,
   author = {Yahya, Mohamed and Berberich, Klaus and Elbassuoni, Shady and Ramanath, Maya and Tresp, Volker and Weikum, Gerhard},
   title = {Natural language questions for the web of data},
   booktitle = {Proceedings of the 2012 Joint Conference on Empirical Methods in Natural Language Processing and Computational Natural Language Learning},
   publisher = {Association for Computational Linguistics},
   pages = {379-390},
   year={2012}
}

@InProceedings{YahyaBerberichElbassuoniEtAl2012,
  author =    {Yahya, Mohamed and Berberich, Klaus and Elbassuoni, Shady and Ramanath, Maya and Tresp, Volker and Weikum, Gerhard},
  title =     {Natural language questions for the web of data},
  booktitle = {Proceedings of the 2012 Joint Conference on Empirical Methods in Natural Language Processing and Computational Natural Language Learning},
  year =      {2012},
  pages =     {379-390},
  publisher = {Association for Computational Linguistics}
}

@Article{yalcinkaya15,
  author =   {Yalcinkaya, Mehmet and Singh, Vishal},
  title =    {Patterns and trends in Building Information Modeling (BIM) research: A Latent Semantic Analysis},
  journal =  {Automation in Construction},
  year =     {2015},
  volume =   {59},
  pages =    {68-80},
  keywords = {BIM Latent Semantic Analysis Research trends Patterns}
}

@inproceedings{Yarowsky95,
   author = {Yarowsky, David},
   title = {Unsupervised word sense disambiguation rivaling supervised methods},
   booktitle = {Proceedings of the 33rd annual meeting on Association for Computational Linguistics},
   publisher = {Association for Computational Linguistics},
   pages = {189-196},
   year={1995},
}

@Article{Zenz09,
  author =   {Zenz, Gideon and Zhou, Xuan and Minack, Enrico and Siberski, Wolf and Nejdl, Wolfgang},
  title =    {From keywords to semantic queries—Incremental query construction on the semantic web},
  journal =  {Web Semantics: Science, Services and Agents on the World Wide Web},
  year =     {2009},
  volume =   {7},
  number =   {3},
  pages =    {166-176},
  keywords = {Semantic web, Keyword search, Query construction}
}

@InProceedings{zhang08,
  author =    {Zhang, Ziqi and Iria, José and Brewster, Christopher and Ciravegna, Fabio},
  title =     {A Comparative Evaluation of Term Recognition Algorithms},
  booktitle = {LREC},
  year =      {2008}
}

@Article{zhang12,
  author =  {Zhang, Le and Issa, Raja RA},
  title =   {Ontology-Based Partial Building Information Model Extraction},
  journal = {Journal of Computing in Civil Engineering},
  year =    {2012},
  volume =  {27},
  number =  {6},
  pages =   {576-584}
}

@InProceedings{zhang13,
  author =    {Zhang, C. and Beetz, J. and De Vries, B.},
  title =     {Towards Model View Definition on semantic level: A state of the art review},
  booktitle = {European Group for Intelligent Computing in Engineering, EG-ICE 2013 - 20th International Workshop: Intelligent Computing in Engineering},
  year =      {2013},
  note =      {Export Date: 16 February 2016},
  keywords =  {model view definition}
}
@inproceedings{Zhang14,
   author = {Zhang, Jiansong and El-Gohary, Nora M},
   title = {Automated Reasoning for Regulatory Compliance Checking in the Construction Domain},
   booktitle = {Construction Research Congress 2014@ sConstruction in a Global Network},
   publisher = {ASCE},
   pages = {907-916},

}

@Article{Zhang15a,
  author =   {Zhang, Sijie and Boukamp, Frank and Teizer, Jochen},
  title =    {Ontology-based semantic modeling of construction safety knowledge: Towards automated safety planning for job hazard analysis (JHA)},
  journal =  {Automation in Construction},
  year =     {2015},
  volume =   {52},
  number =   {0},
  pages =    {29-41},
  keywords = {Building information modeling, Design for safety, Hazard recognition and communication, Knowledge management, Occupational construction safety and health, Ontology Safety planning}
}

@article{Zhang15b,
   author = {Zhang, Jiansong and El-Gohary, Nora M},
   title = {Automated Information Transformation for Automated Regulatory Compliance Checking in Construction},
   journal = {Journal of Computing in Civil Engineering},
   pages = {B4015001},
   year = {2015}
}

@article{Zhang15c,
   author = {Zhang, Jiansong and El-Gohary, Nora},
   title = {A semantic similarity-based method for semi-automated IFC exension},
   year = {2015}
}

@article{Zhao11,
   author = {Zhao, Hai and Kit, Chunyu},
   title = {Integrating unsupervised and supervised word segmentation: The role of goodness measures},
   journal = {Information Sciences},
   volume = {181},
   number = {1},
   pages = {163-183},
   year = {2011}
}

@InProceedings{,
  author =    {Zhang, C. and Beetz, J. and Weise, M.},
  title =     {Model view checking: Automated validation for IFC building models},
  booktitle = {eWork and eBusiness in Architecture, Engineering and Construction - Proceedings of the 10th European Conference on Product and Process Modelling, ECPPM 2014},
  pages =     {123-128},
  note =      {Export Date: 16 February 2016},
  keywords =  {model view definition}
}

@comment{jabref-meta: groupsversion:3;}

@comment{jabref-meta: groupstree:
0 AllEntriesGroup:;
1 ExplicitGroup:2nd_paper\;0\;Zhang14\;Zhang15c\;nibs15\;;
1 ExplicitGroup:3rd_paper\;0\;costa-jussa12\;hu14\;;
1 ExplicitGroup:Automatically created groups\;2\;Jeong14\;katranuschkov10\;windisch12\;won13\;;
2 KeywordGroup:Applied sciences\;0\;keywords\;Applied sciences\;0\;0\;;
2 KeywordGroup:Automatic construction of domain ontology\;0\;keywords\;Automatic construction of domain ontology\;0\;0\;;
2 KeywordGroup:Bridge information modeling\;0\;keywords\;Bridge information modeling\;0\;0\;;
2 KeywordGroup:Building information modeling\;0\;keywords\;Building information modeling\;0\;0\;;
2 KeywordGroup:Civil engineering\;0\;keywords\;Civil engineering\;0\;0\;;
2 KeywordGroup:Context-awareness\;0\;keywords\;Context-awareness\;0\;0\;;
2 KeywordGroup:Data exchange protocol\;0\;keywords\;Data exchange protocol\;0\;0\;;
2 KeywordGroup:Database design\;0\;keywords\;Database design\;0\;0\;;
2 KeywordGroup:Databases\;0\;keywords\;Databases\;0\;0\;;
2 KeywordGroup:Design for safety\;0\;keywords\;Design for safety\;0\;0\;;
2 KeywordGroup:Document graph\;0\;keywords\;Document graph\;0\;0\;;
2 KeywordGroup:External views\;0\;keywords\;External views\;0\;0\;;
2 KeywordGroup:Feature extraction\;0\;keywords\;Feature extraction\;0\;0\;;
2 KeywordGroup:Frequent subgraph mining\;0\;keywords\;Frequent subgraph mining\;0\;0\;;
2 KeywordGroup:Future challenges\;0\;keywords\;Future challenges\;0\;0\;;
2 KeywordGroup:Graph clustering\;0\;keywords\;Graph clustering\;0\;0\;;
2 KeywordGroup:Hazard recognition and communication\;0\;keywords\;Hazard recognition and communication\;0\;0\;;
2 KeywordGroup:Information delivery manual\;0\;keywords\;Information delivery manual\;0\;0\;;
2 KeywordGroup:Information extraction\;0\;keywords\;Information extraction\;0\;0\;;
2 KeywordGroup:Informative subgraph\;0\;keywords\;Informative subgraph\;0\;0\;;
2 KeywordGroup:Keyword search\;0\;keywords\;Keyword search\;0\;0\;;
2 KeywordGroup:Knowledge management\;0\;keywords\;Knowledge management\;0\;0\;;
2 KeywordGroup:Model view definition\;0\;keywords\;Model view definition\;0\;0\;;
2 KeywordGroup:Natural language interfaces\;0\;keywords\;Natural language interfaces\;0\;0\;;
2 KeywordGroup:Natural language processing\;0\;keywords\;Natural language processing\;0\;0\;;
2 KeywordGroup:Natural language understanding\;0\;keywords\;Natural language understanding\;0\;0\;;
2 KeywordGroup:Occupational construction safety and health\;0\;keywords\;Occupational construction safety and health\;0\;0\;;
2 KeywordGroup:Ontologies\;0\;keywords\;Ontologies\;0\;0\;;
2 KeywordGroup:Ontologies (artificial intelligence)\;0\;keywords\;Ontologies (artificial intelligence)\;0\;0\;;
2 KeywordGroup:Ontologies wikipedia\;0\;keywords\;Ontologies wikipedia\;0\;0\;;
2 KeywordGroup:Ontology\;0\;keywords\;Ontology\;0\;0\;;
2 KeywordGroup:Ontology alignment\;0\;keywords\;Ontology alignment\;0\;0\;;
2 KeywordGroup:Ontology enrichment\;0\;keywords\;Ontology enrichment\;0\;0\;;
2 KeywordGroup:Ontology learning from text\;0\;keywords\;Ontology learning from text\;0\;0\;;
2 KeywordGroup:Ontology matching\;0\;keywords\;Ontology matching\;0\;0\;;
2 KeywordGroup:Ontology safety planning\;0\;keywords\;Ontology safety planning\;0\;0\;;
2 KeywordGroup:Owl\;0\;keywords\;Owl\;0\;0\;;
2 KeywordGroup:Query construction\;0\;keywords\;Query construction\;0\;0\;;
2 KeywordGroup:Query languages\;0\;keywords\;Query languages\;0\;0\;;
2 KeywordGroup:Resource description framework\;0\;keywords\;Resource description framework\;0\;0\;;
2 KeywordGroup:Schema matching\;0\;keywords\;Schema matching\;0\;0\;;
2 KeywordGroup:Semantic heterogeneity\;0\;keywords\;Semantic heterogeneity\;0\;0\;;
2 KeywordGroup:Semantic search\;0\;keywords\;Semantic search\;0\;0\;;
2 KeywordGroup:Semantic technologies\;0\;keywords\;Semantic technologies\;0\;0\;;
2 KeywordGroup:Semantic web\;0\;keywords\;Semantic web\;0\;0\;;
2 KeywordGroup:Semantic web services\;0\;keywords\;Semantic web services\;0\;0\;;
2 KeywordGroup:Semantics\;0\;keywords\;Semantics\;0\;0\;;
2 KeywordGroup:State of the art challenges\;0\;keywords\;State of the art challenges\;0\;0\;;
2 KeywordGroup:Statistical semantic analysis\;0\;keywords\;Statistical semantic analysis\;0\;0\;;
2 KeywordGroup:Terms & phrases sublanguage digital libraries\;0\;keywords\;Terms & phrases sublanguage digital libraries\;0\;0\;;
2 KeywordGroup:Thesauri\;0\;keywords\;Thesauri\;0\;0\;;
2 KeywordGroup:Usability study\;0\;keywords\;Usability study\;0\;0\;;
2 KeywordGroup:Vocabulary\;0\;keywords\;Vocabulary\;0\;0\;;
2 KeywordGroup:Wsmo web service discovery\;0\;keywords\;Wsmo web service discovery\;0\;0\;;
}

